@article{蒋淑华2008基于排队论的超市收费服务模型的探讨,
  title={基于排队论的超市收费服务模型的探讨},
  author={蒋淑华 and 伏小良},
  journal={物流科技},
  volume={31},
  number={10},
  pages={141-142},
  year={2008},
}